@ARTICLE {Peterson2014,
    author  = {Peterson, B. M. and Grier, C. J. and Horne, Keith and Pogge, R. W. and Bentz, M. C. and De Rosa, G. and Denney, K. D. and Martini, Paul and Sergeev, S. G. and Kaspi, S. and Minezaki, T. and Zu, Y. and Kochanek, C. S. and Siverd, R. J. and Shappee, B. and Araya Salvo, C. and Beatty, T. G. and Bird, J. C. and Bord, D. J. and Borman, G. A. and Che, X. and Chen, C.-T. and Cohen, S. A. and Dietrich, M. and Doroshenko, V. T. and Drake, T. and Efimov, Yu. S. and Free, N. and Ginsburg, I. and Henderson, C. B. and King, A. L. and Koshida, S. and Mogren, K. and Molina, M. and Mosquera, A. M. and Motohara, K. and Nazarov, S. V. and Okhmat, D. N. and Pejcha, O. and Rafter, S. and Shields, J. C. and Skowron, D. M. and Skowron, J. and Valluri, M. and van Saders, J. L. and Yoshii, Y.},
    title   = {Reverberation Mapping of the Seyfert 1 Galaxy NGC 7469},
    journal = {The Astrophysical Journal},
    year    = {2014},
    volume  = {Volume 795"
}
@ARTICLE {Nuñez2018,
    author  = {Pozo Nuñez, F. and Chelouche, D. and Kaspi, S.},
    title   = {Accretion Disk Reverberation Mapping of Active Galactic Nuclei at Wise Observatory},
    journal = {arXiv:1807.02724},
    year    = {2018},
}
