@ARTICLE {Peterson2014,
    author  = {Peterson, B. M. and Grier, C. J. and Horne, Keith and Pogge, R. W. and Bentz, M. C. and De Rosa, G. and Denney, K. D. and Martini, Paul and Sergeev, S. G. and Kaspi, S. and Minezaki, T. and Zu, Y. and Kochanek, C. S. and Siverd, R. J. and Shappee, B. and Araya Salvo, C. and Beatty, T. G. and Bird, J. C. and Bord, D. J. and Borman, G. A. and Che, X. and Chen, C.-T. and Cohen, S. A. and Dietrich, M. and Doroshenko, V. T. and Drake, T. and Efimov, Yu. S. and Free, N. and Ginsburg, I. and Henderson, C. B. and King, A. L. and Koshida, S. and Mogren, K. and Molina, M. and Mosquera, A. M. and Motohara, K. and Nazarov, S. V. and Okhmat, D. N. and Pejcha, O. and Rafter, S. and Shields, J. C. and Skowron, D. M. and Skowron, J. and Valluri, M. and van Saders, J. L. and Yoshii, Y.},
    title   = {Reverberation Mapping of the Seyfert 1 Galaxy NGC 7469},
    journal = {The Astrophysical Journal},
    year    = {2014},
    volume  = {Volume 795}
}
@ARTICLE {Nunez2018,
    author  = {Pozo Nunez, F. and Chelouche, D. and Kaspi, S.},
    title   = {Accretion Disk Reverberation Mapping of Active Galactic Nuclei at Wise Observatory},
    journal = {arXiv:1807.02724},
    year    = {2018},
}
@ARTICLE {Honig2010,
    author  = {Honig, S. F. and Kishimoto, M.},
    title   = {The dusty heart of nearby active galaxies. II. From clumpy torus models to physical properties of dust around AGN},
    journal = {Astronomy and Astrophysics},
    year    = {2010},
    volume  = {Volume 523}
}
@ARTICLE {Uttley2002,
    author  = {Uttley, P. and McHardy, I. M. and Papadakis, I. E.},
    title   = {Measuring the broad-band power spectra of active galactic nuclei with RXTE},
    journal = {Monthly Notices of the Royal Astronomical Society},
    year    = {2002}
}
@ARTICLE {Uttley2001,
    author  = {Uttley, Philip and McHardy, Ian M.},
    title   = {The flux-dependent amplitude of broadband noise variability in X-ray binaries and active galaxies},
    journal = {Monthly Notices of the Royal Astronomical Society},
    year    = {2001},
    volume  = {Volume 323, Issue 2}
}
@ARTICLE {Vaughan2003,
    author  = {Vaughan, S. and Edelson, R. and Warwick, R. S. and Uttley, P.},
    title   = {On characterizing the variability properties of X-ray light curves from active galaxies},
    journal = {Monthly Notices of the Royal Astronomical Society},
    year    = {2003},
    volume  = {Volume 345, Issue 4}
}
@ARTICLE {Goad2012,
    author  = {Goad, M. R. and Korista, K. T. and Ruff, A. J.},
    title   = {The broad emission-line region: the confluence of the outer accretion disc with the inner edge of the dusty torus},
    journal = {Monthly Notices of the Royal Astronomical Society},
    year    = {2012},
    volume  = {Volume 426, Issue 4}
}
@ARTICLE {Honig2010,
    author  = {Honig, S. F. and Kishimoto, M. and Gandhi, P. and Smette, A. and Asmus, D. and Duschl, W. and Polletta, M. and Weigelt, G.},
    title   = {The dusty heart of nearby active galaxies. I. High-spatial resolution mid-IR spectro-photometry of Seyfert galaxies},
    journal = {Astronomy and Astrophysics},
    year    = {2010},
    volume  = {Volume 515, id.A23}
}
@ARTICLE {Esquej2013,
    author  = {P. Esquej and A. Alonso-Herrero and O. Gonzalez-Martin and S. F. Honig and A. Hernan Caballero and P. F. Roche and C. Ramos Almeida and R. E. Mason and T. Diaz-Santos and N. A. Levenson and I. Aretxaga and J. M. Rodriguez Espinosa and C. Packham},
    title   = {Nuclear star formation activity and black hole accretion in nearby Seyfert galaxies},
    journal = {arXiv:1311.0703 [astro-ph.CO]},
    year    = {2013}
}
@ARTICLE {Pancoast2014,
    author  = {Pancoast, Anna and Brewer, Brendon J. and Treu, Tommaso and Park, Daeseong and Barth, Aaron J. and Bentz, Misty C. and Woo, Jong-Hak},
    title   = {Modelling reverberation mapping data - II. Dynamical modelling of the Lick AGN Monitoring Project 2008 data set},
    journal = {Monthly Notices of the Royal Astronomical Society},
    year    = {2014},
    volume  = {Volume 445, Issue 3}
}
@ARTICLE {Honig2014I,
    author  = {Sebastian F. Hoenig},
    title   = {Dust reverberation mapping in the era of big optical surveys and its cosmological application},
    journal = {arXiv:1401.2999 [astro-ph.GA]},
    year    = {2014}
}
@ARTICLE {Alonso-Herrero2014,
    author  = {Alonso-Herrero, A. and Ramos Almeida, C. and Esquej, P. and Roche, P. F. and Hernan-Caballero, A. and Honig, S. F. and Gonzalez-Martin, O. and Aretxaga, I. and Mason, R. E. and Packham, C. and Levenson, N. A. and Rodriguez Espinosa, J. M. and Siebenmorgen, R. and Pereira-Santaella, M. and Diaz-Santos, T. and Colina, L. and Alvarez, C. and Telesco, C. M.},
    title   = {Nuclear 11.3 $\mu$m PAH emission in local active galactic nuclei},
    journal = {Monthly Notices of the Royal Astronomical Society},
    year    = {2014},
    volume  = {Volume 443, Issue 3}
}
@ARTICLE {Honig2014II,
    author  = {Honig, Sebastian F. and Watson, Darach and Kishimoto, Makoto and Hjorth, Jens},
    title   = {A dust-parallax distance of 19 megaparsecs to the supermassive black hole in NGC 4151},
    journal = {Nature},
    year    = {2014},
    volume  = {Volume 515, Issue 7528}
}
@ARTICLE {Edelson2015,
    author  = {R. Edelson and J. M. Gelbord and K. Horne and I. M. McHardy and B. M. Peterson and P. Arevalo and A. A. Breeveld and G. De Rosa and P. A. Evans and M. R. Goad and G. A. Kriss and W. N. Brandt and N. Gehrels and D. Grupe and J. A. Kennea and C. S. Kochanek and J. A. Nousek and I. Papadakis and M. Siegel and D. Starkey and P. Uttley and S. Vaughan and S. Young and A. J. Barth and M. C. Bentz and B. J. Brewer and D. M. Crenshaw and E. Dalla Bonta and A. De Lorenzo-Caceres and K. D. Denney and M. Dietrich and J. Ely and M. M. Fausnaugh and C. J. Grier and P. B. Hall and J. Kaastra and B. C. Kelly and K. T. Korista and P. Lira and S. Mathur and H. Netzer and A. Pancoast and L. Pei and R. W. Pogge and J. S. Schimoia and T. Treu and M. Vestergaard and C. Villforth and H. Yan and Y. Zu},
    title   = {Space Telescope and Optical Reverberation Mapping Project. II. Swift and HST Reverberation Mapping of the Accretion Disk of NGC 5548},
    journal = {arXiv:1501.05951 [astro-ph.GA]},
    year    = {2015}
}
@ARTICLE {Kovacevic2015,
    author  = {Kovacevic, A. and Popovic, L. C. and Shapovalova, A. I. and Ilic, D. and Burenkov, A. N. and Chavushyan, V. H.},
    title   = {Time Delay Evolution of Five Active Galactic Nuclei},
    journal = {Journal of Astrophysics and Astronomy},
    year    = {2015},
    volume  = {Volume 36, Issue 4}
}
@ARTICLE {Honig2016,
    author  = {Honig, S. F. and Watson, D. and Kishimoto, M. and Gandhi, P. and Goad, M. and Horne, K. and Shankar, F. and Banerji, M. and Boulderstone, B. and Jarvis, M. and Smith, M. and Sullivan, M.},
    title   = {Cosmology with AGN dust time lags-simulating the new VEILS survey},
    journal = {Monthly Notices of the Royal Astronomical Societ},
    year    = {2016},
    volume  = {Volume 464, Issue 2}
}
@ARTICLE {Caplar2016,
    author  = {Neven Caplar and Simon J. Lilly and Benny Trakhtenbrot},
    title   = {Optical variability of AGN in the PTF/iPTF survey},
    journal = {arXiv:1611.03082 [astro-ph.GA]},
    year    = {2016}
}
@ARTICLE {Kozlowski2016,
    author  = {Szymon Kozlowski},
    title   = {Limitations on the recovery of the true AGN variability parameters using Damped Random Walk modeling},
    journal = {arXiv:1611.08248 [astro-ph.GA]},
    year    = {2016}
}
@ARTICLE {Xie2017,
    author  = {Xie, Yanxia and Li, Aigen and Hao, Lei},
    title   = {Silicate Dust in Active Galactic Nuclei},
    journal = {The Astrophysical Journal Supplement Series},
    year    = {2017},
    volume  = {Volume 228, Issue 1, article id. 6}
}
@ARTICLE {Mateos2017,
    author  = {S. Mateos and F. J. Carrera and X. Barcons and A. Alonso-Herrero and A. Hernan-Caballero and M. Page and C. Ramos Almeida and A. Caccianiga and T. Miyaji and A. Blain},
    title   = {Survival of the obscuring torus in the most powerful active galactic nuclei},
    journal = {arXiv:1705.04323 [astro-ph.HE]},
    year    = {2017}
}
@ARTICLE {Srinivasan2017,
    author  = {Srinivasan, Sundar and Kemper, F. and Zhou, Yeyan and Hao, Lei and Gallagher, Sarah C. and Shangguan, Jinyi and Ho, Luis C. and Xie, Yanxia and Scicluna, Peter and Foucaud, Sebastien and Peng, Rita H. T.},
    title   = {The mineralogy of newly formed dust in active galactic nuclei},
    journal = {Planetary and Space Science},
    year    = {2017},
    volume  = {Volume 149}
}
@ARTICLE {Hernan-Caballero2017,
    author  = {Hernan-Caballero, Antonio and Hatziminaoglou, Evanthia and Alonso-Herrero, Almudena and Mateos, Silvia},
    title   = {Disentangling accretion disk and dust emissions in the infrared spectrum of type 1 AGN},
    journal = {Frontiers in Astronomy and Space Sciences},
    year    = {2017},
    volume  = {Volume 4, id.30}
}
@ARTICLE {Smith2018,
    author  = {Krista Lynne Smith and Richard F. Mushotzky and Patricia T. Boyd and Matt Malkan and Steve B. Howell and Dawn M. Gelino},
    title   = {THE KEPLER LIGHT CURVES OF AGN: A DETAILED ANALYSIS},
    journal = {The Astrophysical Journal},
    year    = {2018},
    volume  = {Volume 857, Number 2}
}
@ARTICLE {Welsh1991,
    author  = {Welsh and W. F. and Horne and K},
    title   = {Echo images of broad-line regions in active Galactic nuclei},
    journal = {Astrophysical Journal},
    year    = {1991},
    volume  = {Part 1 (ISSN 0004-637X), vol. 379,}
}
@ARTICLE {Rybicki1992,
    author  = {Rybicki, George B. and Press, William H.},
    title   = {Interpolation, realization, and reconstruction of noisy, irregularly sampled data},
    journal = {Astrophysical Journal},
    year    = {1992},
    volume  = {Part 1 (ISSN 0004- 637X), vol. 398, no. 1}
}
@ARTICLE {Fukugita1996,
    author  = {M. Fukugita and T. Ichikawa and J. E. Gunn and M. Doi AND K. Shimasaku and D. P. Schneider},
    title   = {THE SLOAN DIGITAL SKY SURVEY PHOTOMETRIC SYSTEM},
    journal = {THE ASTRONOMICAL JOURNA},
    year    = {1996},
    volume  = {Volume 111, No. 4}
}
@PHDTHESIS {Arevalo2005,
    author = {PATRICIA AREVALO},
    title  = {Temporal Structure of AGN Light Curves: Tracers of the Physics of the Emission Processes},
    school = {der Fakultat at fur Physik der Ludwigs-Maximilians-Universitat at Munchen},
    year   = {2005}
}
@PHDTHESIS {Skielboe2016,
    author = {Andreas Skielboe},
    title  = {Colossalcreationsofgravity Fromclustersofgalaxiestoactivegalacticnuclei},
    school = {Dark Cosmology Centre, Niels Bohr Institute University of Copenhagen},
    year   = {2016}
}
@ARTICLE {Bottorff1997,
    author  = {Mark Bottorff and Kirk T. Korista and Isaac Shlosman and Roger D. Blandford},
    title   = {Dynamics of broad emission-line region in NGC 5548: hydromagnetic wind model versus observations},
    journal = {The Astrophysical Journal,},
    year    = {1997},
    volume  = {Volume 479, Number 1}
}
@ARTICLE {Edelson1999,
    author  = {Rick Edelson and Kirpal Nandra},
    title   = {A Cutoff in the X-Ray Fluctuation Power Density Spectrum of the Seyfert 1 Galaxy NGC 3516},
    journal = {The Astrophysical Journal},
    year    = {1999},
    volume  = {Volume 514, Number 2}
}
@ARTICLE {Edelson2014,
    author  = {R. Edelson and S. Vaughan and M. Malkan and B. C. Kelly and K. L. Smith and P. T. Boyd and R. Mushotzky},
    title   = {DISCOVERY OF A ~5 DAY CHARACTERISTIC TIMESCALE IN THE KEPLER POWER SPECTRUM OF Zw 22915},
    journal = {The Astrophysical Journal},
    year    = {2014},
    volume  = {Volume 795, Number 1}
}
@ARTICLE {Kelly2009,
    author  = {Brandon C. Kelly and Jill Bechtold and Aneta Siemiginowska},
    title   = {ARE THE VARIATIONS IN QUASAR OPTICAL FLUX DRIVEN BY THERMAL FLUCTUATIONS?},
    journal = {The Astrophysical Journal},
    year    = {2009},
    volume  = {Volume 698, Number 1}
}
@ARTICLE {Kelly2014,
    author  = {Brandon C. Kelly and Andrew C. Becker and Malgosia Sobolewska and Aneta Siemiginowska and Phil Uttley},
    title   = {FLEXIBLE AND SCALABLE METHODS FOR QUANTIFYING STOCHASTIC VARIABILITY IN THE ERA OF MASSIVE TIME-DOMAIN ASTRONOMICAL DATA SETS},
    journal = {The Astrophysical Journal},
    year    = {2014},
    volume  = {Volume 788, Number 1}
}
@ARTICLE {Kozlowski2009,
    author  = {Szymon Kozlowski and Christopher S. Kochanek and A. Udalski and L. Wyrzykowski and I. Soszynski and M. K. Szymanski and M. Kubiak and G. Pietrzynski and O. Szewczyk and K. Ulaczyk and R. Poleski},
    title   = {QUANTIFYING QUASAR VARIABILITY AS PART OF A GENERAL APPROACH TO CLASSIFYING CONTINUOUSLY VARYING SOURCES},
    journal = {The Astrophysical Journal},
    year    = {2009},
    volume  = {Volume 708, Number 2}
}
@ARTICLE {MacLeod2010,
    author  = {C. L. MacLeod and Z. Ivezic and C. S. Kochanek and S. Kozlowski and B. Kelly and E. Bullock and A. Kimball and B. Sesar and D. Westman and K. Brooks and R. Gibson and A. C. Becker and W. H. de Vries},
    title   = {MODELING THE TIME VARIABILITY OF SDSS STRIPE 82 QUASARS AS A DAMPED RANDOM WALK},
    journal = {The Astrophysical Journal},
    year    = {2010},
    volume  = {Volume 721, Number 2}
}
@ARTICLE {MacLeod2012,
    author  = {Chelsea L. MacLeod and Zeljko Ivezic and Branimir Sesar and Wim de Vries and Christopher S. Kochanek and Brandon C. Kelly and Andrew C. Becker and Robert H. Lupton and Patrick B. Hall and Gordon T. Richards and Scott F. Anderson and Donald P. Schneider},
    title   = {A DESCRIPTION OF QUASAR VARIABILITY MEASURED USING REPEATED SDSS AND POSS IMAGING},
    journal = {The Astrophysical Journal},
    year    = {2012},
    volume  = {Volume 753, Number 2}
}
@ARTICLE {Markowitz2003,
    author  = {A. Markowitz and R. Edelson and S. Vaughan and P. Uttley and I. M. George and R. E. Griffiths and S. Kaspi and A. Lawrence and I. McHardy and K. Nandra and K. Pounds and J. Reeves and N. Schurch and R. Warwick},
    title   = {X-Ray Fluctuation Power Spectral Densities of Seyfert 1 Galaxies},
    journal = {The Astrophysical Journal},
    year    = {2003},
    volume  = {Volume 593, Number 1}
}
@ARTICLE {Markwick-Kemper2007,
    author  = {F. Markwick-Kemper and S. C. Gallagher and D. C. Hines and J. Bouwman},
    title   = {Dust in the Wind: Crystalline Silicates, Corundum, and Periclase in PG 2112+059},
    journal = {The Astrophysical Journal Letters},
    year    = {2007},
    volume  = {Volume 668, Number 2}
}
@ARTICLE {Breedt2010,
    author  = {E. Breedt and I. M. McHardy and P. Arevalo and P. Uttley and S. G. Sergeev and T. Minezaki and Y. Yoshii and Y. Sakata and P. Lira and N. G. Chesnok},
    title   = {Twelve years of X-ray and optical variability in the Seyfert galaxy NGC 4051},
    journal = {Monthly Notices of the Royal Astronomical Society},
    year    = {2010},
    volume  = {Volume 403, Issue 2}
}
@ARTICLE {Pancoast2014,
    author  = {Anna Pancoast and Brendon J. Brewer and Tommaso Treu and Daeseong Park and Aaron J. Barth and Misty C. Bentz and Jong-Hak Woo},
    title   = {Modelling reverberation mapping data - II. Dynamical modelling of the Lick AGN Monitoring Project 2008 data set},
    journal = {Monthly Notices of the Royal Astronomical Society},
    year    = {2014},
    volume  = {Volume 445, Issue 3}
}
@ARTICLE {Mushotzky2011,
    author  = {R. F. Mushotzky and R. Edelson and W. Baumgartner and P. Gandhi},
    title   = {KEPLER OBSERVATIONS OF RAPID OPTICAL VARIABILITY IN ACTIVE GALACTIC NUCLEI},
    journal = {The Astrophysical Journal Letters},
    year    = {2011},
    volume  = {Volume 743, Number 1}
}
@ARTICLE {Nenkova2002,
    author  = {Maia Nenkova and Zeljko Ivezic and Moshe Elitzur},
    title   = {Dust Emission from Active Galactic Nuclei},
    journal = {The Astrophysical Journal Letters},
    year    = {2002},
    volume  = {Volume 570, Number 1}
}
@ARTICLE {Kozlowski2016,
    author  = {Szymon Kozlowski},
    title   = {A degeneracy in DRW modelling of AGN light curves},
    journal = {Monthly Notices of the Royal Astronomical Society},
    year    = {2016},
    volume  = {Volume 459, Issue 3}
}
@ARTICLE {Woltjer1959,
    author  = {Woltjer, L.},
    title   = {Emission Nuclei in Galaxies.},
    journal = {Astrophysical Journal},
    year    = {1959},
    volume  = {Vol. 130,},
    pages   = {38}
}
@ARTICLE {Zu2013,
    author  = {Ying Zu and C. S. Kochanek and Szymon Kozlowski and Andrzej Udalski},
    title   = {IS QUASAR OPTICAL VARIABILITY A DAMPED RANDOM WALK?},
    journal = {The Astrophysical Journal},
    year    = {2013},
    volume  = {Volume 765, Number 2}
}
@ARTICLE {Werf2010,
    author  = {P. P. van der Werf and K. G. Isaak and R. Meijerink and M. Spaans and A. Rykala and T. Fulton and A. F. Loenen and F. Walter and A. Weiss and L. Armus and J. Fischer and F. P. Israel  and A. I. Harris and S. Veilleux and C. Henkel  and G. Savini and S. Lord and H. A. Smith and E. Gonzalez-Alfonso and D. Naylor and S. Aalto and V. Charmandaris and K. M. Dasyra and A. Evans and Y. Gao and T. R. Greve and R. Gusten and C. Kramer and J. Martin-Pintado and J. Mazzarella and P. P. Papadopoulos and D. B. Sanders and L. Spinoglio and G. Stacey and C. Vlahakis},
    title   = {Black hole accretion and star formation as drivers of gas excitation and chemistry in Markarian 23},
    journal = {Astronomy \& Astrophysics},
    year    = {2010},
    volume  = {Volume 518, July-August 2010}
}
@ARTICLE {Gonzalez-Martin2012,
    author  = {O. Gonzalez-Martin and S. Vaughan},
    title   = {X-ray variability of 104 active galactic nuclei XMM-Newton power-spectrum density profiles},
    journal = {Astronomy \& Astrophysics},
    year    = {2012},
    volume  = {Volume 544}
}
@ARTICLE {Kozlowski2017,
    author  = {Szymon Kozlowski},
    title   = {Limitations on the recovery of the true AGN variability parameters using damped random walk modeling},
    journal = {Astronomy and Astrophysics},
    year    = {2017},
    volume  = {Volume 597}
}
@ARTICLE {Scaringi2012,
    author  = {Scaringi, S. and Kording, E. and Uttley, P. and Groot, P. J. and Knigge, C. and Still, M. and Jonker, P.},
    title   = {Broad-band timing properties of the accreting white dwarf MV Lyrae},
    journal = {Monthly Notices of the Royal Astronomical Society},
    year    = {2012},
    volume  = {Volume 427, Issue 4}
}
@ARTICLE {Hameury2009,
    author  = {Jean-Marie Hameury and Maxime Viallet and Jean-Pierre Lasota},
    title   = {The thermal-viscous disk instability model in the AGN context},
    journal = {arXiv:0901.1229 [astro-ph.GA]},
    year    = {2009}
}
@ARTICLE {Markowitz2009,
    author  = {A. Markowitz},
    title   = {The X-ray Power Spectral Density Function and Black Hole Mass Estimate for the Seyfert AGN IC 4329a},
    journal = {arXiv:0905.0495 [astro-ph.HE]},
    year    = {2009}
}
@ARTICLE {Ishibashi2010,
    author  = {W. Ishibashi and T. J.-L. Courvoisier},
    title   = {X-ray power law spectra in active galactic nuclei},
    journal = {Astronomy and Astrophysics},
    year    = {2010},
    volume  = {Volume 512}
}
@ARTICLE {Kazanas2012,
    author  = {Demosthenes Kazanas and Keigo Fukumura and Ehud Behar and Ioannis Contopoulos and Chris Shrader},
    title   = {Toward a Unified AGN Structure},
    journal = {arXiv:1206.5022 [astro-ph.HE]},
    year    = {2012}
}
@ARTICLE {Faraway2016,
    author  = {Faraway, Julian and Mahabal, Ashish and Sun, Jiayang and Wang, Xiaofeng and Yi and Zhang, Lingsong},
    title   = {Modeling Light Curves for Improved Classification},
    journal = {Statistical Analysis and Data Mining: The ASA Data Science Journal},
    year    = {2016},
    volume  = {Vol. 9, Issue 1}
}
@ARTICLE {Hainline2016,
    author  = {Kevin N. Hainline and Ryan C. Hickox and Chien-Ting Chen and Christopher M. Carroll and Mackenzie L. Jones and Alexandros S. Zervos and Andrew D. Goulding},
    title   = {A TALE OF TWO NARROW-LINE REGIONS: IONIZATION, KINEMATICS, AND SPECTRAL ENERGY DISTRIBUTIONS FOR A LOCAL PAIR OF MERGING OBSCURED ACTIVE GALAXIES},
    journal = {The Astrophysical Journal},
    year    = {2016},
    volume  = {Volume 823, Number 1}
}
@ARTICLE {Dobrotka2016,
    author  = {A. Dobrotka and J.-U. Ness and I. Bajcicakova},
    title   = {Fast stochastic variability study of two SU UMa systems V1504 Cyg and V344 Lyr observed by Kepler satellite},
    journal = {arXiv:1604.07280 [astro-ph.SR]},
    year    = {2016}
}
@ARTICLE {Lawrence2016,
    author  = {Andy Lawrence},
    title   = {Clues to the Structure of AGN through massive variability surveys},
    journal = {arXiv:1605.09331 [astro-ph.HE]},
    year    = {2016}
}
@ARTICLE {Middei2017,
    author  = {R. Middei and F. Vagnetti and S. Bianchi and F. La Franca and M. Paolillo and F. Ursini},
    title   = {A long-term study of AGN X-ray variability  Structure function analysis on a ROSAT-XMM quasar sample},
    journal = {Astronomy and Astrophysics},
    year    = {2017},
    volume  = {Volume 599, March 2017}
}
@ARTICLE {Dobrotka2017,
    author  = {A. Dobrotka and V. Antonuccio-Delogu and I. Bajcicakova},
    title   = {New structures of Power Density Spectra for four Kepler AGNs},
    journal = {arXiv:1704.05717 [astro-ph.GA]},
    year    = {2017}
}
@ARTICLE {Almeida2017,
    author  = {Cristina Ramos Almeida and Claudio Ricci},
    title   = {Nuclear obscuration in active galactic nuclei},
    journal = {arXiv:1709.00019 [astro-ph.GA]},
    year    = {2017}
}
@ARTICLE {Simonetti1985,
    author  = {Simonetti, J. H. and Cordes, J. M. and Heeschen, D. S.},
    title   = {Flicker of extragalactic radio sources at two frequencies},
    journal = {Astrophysical Journal, Part 1 (ISSN 0004-637X)},
    year    = {1985},
    volume  = {vol. 296, Sept. 1, 1985},
    pages   = {46-59}
}
@ARTICLE {Peterson2001,
    author  = {Bradley M. Peterson},
    title   = {Variability of Active Galactic Nuclei},
    journal = {arXiv:astro-ph/0109495v1},
    year    = {2001}
}
@ARTICLE {Vries2004,
    author  = {W. H. de Vries and R. H. Becker and R. L. White and C. Loomis},
    title   = {Structure Function Analysis of Long Term Quasar Variability},
    journal = {arXiv:astro-ph/0411348v1},
    year    = {2004}
}
@ARTICLE {Kawaguchi2016,
    author  = {Toshihiro Kawaguchi and Shin Mineshige},
    title   = {AGN Variability},
    journal = {Symposium - International Astronomical Union, Volume 194 (Activity in Galaxies and Related Phenomena)},
    year    = {2016}
}
@ARTICLE {Bournaud2011,
    author  = {Frédéric Bournaud and Avishai Dekel and Romain Teyssier and Marcello Cacciato and Emanuele Daddi and Stéphanie Juneau and Francesco Shankar},
    title   = {BLACK HOLE GROWTH AND ACTIVE GALACTIC NUCLEI OBSCURATION BY INSTABILITY-DRIVEN INFLOWS IN HIGH-REDSHIFT DISK GALAXIES FED BY COLD STREAMS},
    journal = {The Astrophysical Journal Letters},
    year    = {2011},
    volume  = {Volume 741, Number 2}
}
@ARTICLE {Dexter2010,
    author  = {Jason Dexter and Eric Ago},
    title   = {QUASAR ACCRETION DISKS ARE STRONGLY INHOMOGENEOUS},
    journal = {The Astrophysical Journal Letters},
    year    = {2010},
    volume  = {Volume 727, Number 1}
}
@ARTICLE {Kozlowski2017,
    author  = {Szymon Kozlowski},
    title   = {Optical Variability of Active Galactic Nuclei},
    journal = {Frontiers in Astronomy and Space Sciences},
    year    = {2017}
}
@ARTICLE {Congiu2017,
    author  = {Enrico Congiu and Marcella Contini and Stefano Ciroi and Valentina Cracco and Francesco Di Mille and Marco Berton and Michele Frezzato and Giovanni La Mura and Piero Rafanelli},
    title   = {Extended Narrow-Line Region in Seyfert Galaxies},
    journal = {Frontiers in Astronomy and Space Sciences},
    year    = {2017}
}
@ARTICLE {Kawaguchi1998,
    author  = {T. Kawaguchi and S. Mineshige and M. Umemura and Edwin L. Turner},
    title   = {Optical Variability in Active Galactic Nuclei: Starbursts or Disk Instabilities?},
    journal = {The Astrophysical Journal},
    year    = {1998},
    volume  = {Volume 504, Number 2}
}
@ARTICLE {Kozlowski2016,
    author  = {Szymon Kozlowski},
    title   = {REVISITING STOCHASTIC VARIABILITY OF AGNs WITH STRUCTURE FUNCTIONS},
    journal = {The Astrophysical Journal},
    year    = {2016},
    volume  = {Volume 826, Number 2}
}
@ARTICLE {Kozlowski2017,
    author  = {Szymon Kozlowski},
    title   = {Erratum: \}Revisiting Stochastic Variability of AGNs with Structure Functions\} (2016, ApJ, 826, 118)},
    journal = {The Astrophysical Journal},
    year    = {2017},
    volume  = {Volume 847, Number 2}
}
@ARTICLE {Cackett2007,
    author  = {Edward M. Cackett and Keith Horne and Hartmut Winkler},
    title   = {Testing thermal reprocessing in active galactic nuclei accretion discs},
    journal = {Monthly Notices of the Royal Astronomical Society},
    year    = {Astronomy and Astrophysics},
    volume  = {Volume 380, Issue 2}
}
@ARTICLE {Nenkova2008,
    author  = {Maia Nenkova and Matthew M. Sirocky and Robert Nikutta and Zeljko Ivezic and Moshe Elitzur},
    title   = {AGN Dusty Tori. II. Observational Implications of Clumpiness},
    journal = {The Astrophysical Journal},
    year    = {2008},
    volume  = {Volume 685, Number 1}
}
@BOOKLET {Netzer2006,
    title        = {Active Galactic Nuclei: Basic Physics and Main Components},
    author       = {H. Netzer},
    howpublished = {Springer, Berlin, Heidelberg},
    year         = {2006},
    crossref     = {https://doi.org/10.1007/3-540-34621-X_1}
}
@BOOK {Rasmussen2006,
    author    = {C. E. Rasmussen and C. K. I. Williams},
    title     = {Gaussian Processes for Machine Learning},
    publisher = {MIT Press, 2006, ISBN 026218253X},
    year      = {2006}
}
@ARTICLE {Brunetti2015,
    author  = {Michele Brunetti and F. Prodi},
    title   = {The climate system},
    journal = {The European Physical Journal Conferences January 2015},
    year    = {2015}
}
@ARTICLE {Weidner2004,
    author  = {C. Weidner and P. Kroupa},
    title   = {Evidence for a fundamental stellar upper mass limit from clustered star formation},
    journal = {Monthly Notices of the Royal Astronomical Society},
    year    = {2004},
    volume  = {Volume 348, Issue 1}
}
@BOOK {Schneideretal2006,
    author    = {    P.Schneider and C.Kochanek and J.Wambsganss, Edited by G. Meylan and P. Jetzer and P. North},
    title     = {Gravitational Lensing: Strong, Weak and Micro},
    publisher = {Springer},
    year      = {2006},
    note      = {Swiss Society for Astrophysics and Astr}
}
@ARTICLE {Czerny2004,
    author  = {B. Czerny},
    title   = {The role of an accretion disk in AGN variability},
    journal = {arXiv:astro-ph/0409254},
    year    = {2004}
}
@ARTICLE {Bilir2008,
    author  = {S. Bilir and S. Ak and S. Karaali and A. Cabrera-Lavers and T. S. Chonis and C. M. Gaskell},
    title   = {Transformations between 2MASS, SDSS and BVRI photometric systems: bridging the near-infrared and optical},
    journal = {Monthly Notices of the Royal Astronomical Society},
    year    = {2008},
    volume  = {Volume 384, Issue 3}
}
@PROCEEDINGS {Pessah2015,
    title  = {The Turbulent Dynamics of Accretion Disks},
    year   = {2015},
    editor = {Martin Pessah},
    note   = {NBIA-Oxford Colloquium, April 13-15, 2015}
}
@ONLINE {Beasley2005,
    author = {Dolores Beasley  and Donna Weaver},
    title  = {NASA's Hubble Weighs in on the Heaviest Stars in the Galaxy},
    month  = {mar},
    year   = {2005},
    note    = {\url{https://www.nasa.gov/home/hqnews/2005/mar/HQ_05071_HST_galaxy.html}}
}
@BOOK {Schneider2006,
    author    = {Peter Schneider},
    title     = {Extragalactic Astronomy and Cosmology - An Introduction},
    publisher = {Springer Berlin Heidelberg New York},
    year      = {2006}
}
@ARTICLE {Uttley2002,
    author  = {P. Uttley and I. M. McHardy and I. E. Papadakis},
    title   = {Measuring the broad-band power spectra of active galactic nuclei with RXTE},
    journal = {Monthly Notices of the Royal Astronomical Society},
    year    = {2002},
    volume  = {Volume: 332, Issue: 1}
}
@ARTICLE {Vaughan2003,
    author  = {S. Vaughan and R. Edelson and R. S. Warwick and P. Uttley},
    title   = {On characterizing the variability properties of X-ray light curves from active galaxies},
    journal = {Monthly Notices of the Royal Astronomical Society},
    year    = {2003},
    volume  = {Volume 345, Issue 4}
}
@ARTICLE {Dobrotka2016,
    author  = {A. Dobrotka and J.U. Ness and I. Bajcicakova},
    title   = {Fast stochastic variability study of two SU UMa systems V1504 Cyg and V344 Lyr observed by Kepler satellite},
    journal = {Monthly Notices of the Royal Astronomical Society},
    year    = {2016},
    volume  = {Volume 460, Issue 1}
}
@ARTICLE {Dobrotka2017,
    author  = {A. Dobrotka and V. Antonuccio-Delogu and I. Bajcicakova},
    title   = {New structures of power density spectra for four Kepler active galactic nuclei},
    journal = {Monthly Notices of the Royal Astronomical Society},
    year    = {2017},
    volume  = {Volume 470, Issue 2}
}
@ARTICLE {Bianchi2012,
    author  = {Bianchi, Stefano and Maiolino, Roberto and Risaliti, Guido},
    title   = {AGN Obscuration and the Unified Model},
    journal = {Advances in Astronomy},
    year    = {2012},
    volume  = {vol. 2012, id. 782030}
}
@ARTICLE {Risaliti2015,
    author  = {G. Risaliti and E. Lusso},
    title   = {A HUBBLE DIAGRAM FOR QUASARS},
    journal = {The Astrophysical Journal},
    year    = {2015},
    volume  = {Volume 815, Number 1}
}
@BOOK {Moetal2010,
    author    = {Houjun Mo and Frank van de Bosch and Simon White},
    title     = {Galaxy Formation and Evolution},
    publisher = {Cambridge University Press},
    year      = {2010/2016 (3rd edition)}
}
@BOOK {Peterson1997,
    author    = {Bradley M. Peterson},
    title     = {An Introduction to Active Galactic Nuclei},
    publisher = {Cambridge University press},
    year      = {1997/2001/2003}
}
@ARTICLE {Cao2015,
    author  = {Shuo Cao and Marek Biesiada and Raphaël Gavazzi and Aleksandra Piórkowska and Zong-Hong Zhu},
    title   = {Cosmology with Strong Lensing Systems},
    journal = {arXiv:1509.07649},
    year    = {2015}
}
@ARTICLE {Riess2016,
    author  = {Adam G. Riess and Lucas M. Macri and Samantha L. Hoffmann and Dan Scolnic and Stefano Casertano and Alexei V. Filippenko and Brad E. Tucker and Mark J. Reid and David O. Jones and Jeffrey M. Silverman and Ryan Chornock and Peter Challis and Wenlong Yuan and Peter J. Brown and Ryan J. Foley},
    title   = {A 2.4% Determination of the Local Value of the Hubble Constant},
    journal = {arXiv:1604.01424},
    year    = {2016}
}
@ARTICLE {Bernal2016,
    author  = {Bernal, José Luis and Verde, Licia and Riess, Adam G.},
    title   = {The trouble with H0},
    journal = {Journal of Cosmology and Astroparticle Physics},
    year    = {2016},
    volume  = {Issue 10, article id. 019 (2016)}
}
@ARTICLE {Arenas2017,
    author  = {Fernández Arenas, David and Terlevich, Elena and Terlevich, Roberto and Melnick, Jorge and Chávez, Ricardo and Bresolin, Fabio and Telles, Eduardo and Plionis, Manolis and Basilakos, Spyros},
    title   = {An independent determination of the local Hubble constant},
    journal = {Monthly Notices of the Royal Astronomical Society},
    year    = {2017},
    volume  = {Volume 474, Issue 1}
}
@ARTICLE {Riess2018,
    author  = {Adam G. Riess and Stefano Casertano and Wenlong Yuan and Lucas Macri and Jay Anderson and John W. Mackenty and J. Bradley Bowers and Kelsey I. Clubb and Alexei V. Filippenko and David O. Jones and Brad E. Tucker},
    title   = {New Parallaxes of Galactic Cepheids from Spatially Scanning the Hubble Space Telescope: Implications for the Hubble Constant},
    journal = {arXiv:1801.01120},
    year    = {2018}
}
@ARTICLE {Nunez2018,
    author   = {F. Pozo Nuñez and D. Chelouche and S. Kaspi},
    title    = {Accretion Disk Reverberation Mapping of Active Galactic Nuclei at Wise Observatory},
    journal  = {Proceedfings of Science arXiv:1807.02724},
    year     = {2018},
    crossref = {arXiv:1807.02724}
}
@ARTICLE {Krolik1991,
    author  = {Krolik, J. H., Horne, K., Kallman, T. R., Malkan, M. A., Edelson, R. A., \& Kriss, G. A.,},
    title   = {Ultraviolet variability of NGC 5548 - Dynamics of the continuum production region and geometry of the broad-line region},
    journal = {Astrophysical Journal, Part 1 (ISSN 0004-637X)},
    year    = {1991},
    volume  = {vol. 371, April 20, 1991},
    pages   = {541-562}
}
@ARTICLE {Peterson1993,
    author  = {Bradley M. Peterson},
    title   = {Reverberation Mapping of Active Galactic Nuclei1},
    journal = {Publications of the Astronomical Society of the Pacific},
    year    = {1993},
    volume  = {Volume 105, Number 685}
}
@ARTICLE {Fausnaugh2017,
    author   = {Michael M. Fausnaugh and Bradley M. Peterson and David A. Starkey and Keith Horne and the AGN STORM Collaboration},
    title    = {Continuum Reverberation Mapping of AGN Accretion Disks},
    journal  = {Front. Astron. Space Sci., 05 December 2017},
    crossref = {https://doi.org/10.3389/fspas.2017.00055}
}
@MISC {Atzberger,
    author = {Paul J. Atzberger},
    title  = {The Monte Carlo Method}
}
@ARTICLE {Diaconis2008,
    author = {Persi Diaconis},
    title  = {The Markov chain Monte Carlo revolution},
    year   = {2008}
}
@ARTICLE {Diaconis2009,
    author  = {Persi Diaconis},
    title   = {The Markov chain Monte Carlo revolution},
    journal = {Bulletin of the American Mathematical Socielty (46/2009)},
    year    = {2009}
}
@ARTICLE {Bonvin2017,
    author  = {V. Bonvin and F. Courbin and S. H. Suyu and P. J. Marshall and C. E. Rusu and D. Sluse and M. Tewes and K. C. Wong and T. Collett and C. D. Fassnacht and T. Treu and M. W. Auger and S. Hilbert and L. V. E. Koopmans and G. Meylan and N. Rumbaugh and A. Sonnenfeld and C. Spiniello},
    title   = {H0LiCOW – V. New COSMOGRAIL time delays of HE 0435−1223: H0 to 3.8 per cent precision from strong lensing in a flat $\Lambda$CDM model},
    journal = {Monthly Notices of the Royal Astronomical Society},
    year    = {2017},
    volume  = {Volume 465, Issue 4}
}
@ARTICLE {PlanckCollaboration2016,
    author   = {Planck Collaboration and Aghanim, N. and Ashdown, M. and Aumont, J. and Baccigalupi, C. and Ballardini, M. and Banday, A. J. and Barreiro, R. B. and Bartolo, N. and Basak, S. and Battye, R. and Benabed, K. and Bernard, J.-P. and Bersanelli, M. and Bielewicz, P. and Bock, J. J. and Bonaldi, A. and Bonavera, L. and Bond, J. R. and Borrill, J. and Bouchet, F. R. and Boulanger, F. and Bucher, M. and Burigana, C. and Butler, R. C. and Calabrese, E. and Cardoso, J.-F. and Carron, J. and Challinor, A. and Chiang, H. C. and Colombo, L. P. L. and Combet, C. and Comis, B. and Coulais, A. and Crill, B. P. and Curto, A. and Cuttaia, F. and Davis, R. J. and de Bernardis, P. and de Rosa, A. and de Zotti, G. and Delabrouille, J. and Delouis, J.-M. and Di Valentino, E. and Dickinson, C. and Diego, J. M. and Doré, O. and Douspis, M. and Ducout, A. and Dupac, X. and Efstathiou, G. and Elsner, F. and Enßlin, T. A. and Eriksen, H. K. and Falgarone, E. and Fantaye, Y. and Finelli, F. and Forastieri, F. and Frailis, M. and Fraisse, A. A. and Franceschi, E. and Frolov, A. and Galeotta, S. and Galli, S. and Ganga, K. and Génova-Santos, R. T. and Gerbino, M. and Ghosh, T. and González-Nuevo, J. and Górski, K. M. and Gratton, S. and Gruppuso, A. and Gudmundsson, J. E. and Hansen, F. K. and Helou, G. and Henrot-Versillé, S. and Herranz, D. and Hivon, E. and Huang, Z. and Ilić, S. and Jaffe, A. H. and Jones, W. C. and Keihänen, E. and Keskitalo, R. and Kisner, T. S. and Knox, L. and Krachmalnicoff, N. and Kunz, M. and Kurki-Suonio, H. and Lagache, G. and Lamarre, J.-M. and Langer, M. and Lasenby, A. and Lattanzi, M. and Lawrence, C. R. and Le Jeune, M. and Leahy, J. P. and Levrier, F. and Liguori, M. and Lilje, P. B. and López-Caniego, M. and Ma, Y.-Z. and Macías-Pérez, J. F. and Maggio, G. and Mangilli, A. and Maris, M. and Martin, P. G. and Martínez-González, E. and Matarrese, S. and Mauri, N. and McEwen, J. D. and Meinhold, P. R. and Melchiorri, A. and Mennella, A. and Migliaccio, M. and Miville-Deschênes, M.-A. and Molinari, D. and Moneti, A. and Montier, L. and Morgante, G. and Moss, A. and Mottet, S. and Naselsky, P. and Natoli, P. and Oxborrow, C. A. and Pagano, L. and Paoletti, D. and Partridge, B. and Patanchon, G. and Patrizii, L. and Perdereau, O. and Perotto, L. and Pettorino, V. and Piacentini, F. and Plaszczynski, S. and Polastri, L. and Polenta, G. and Puget, J.-L. and Rachen, J. P. and Racine, B. and Reinecke, M. and Remazeilles, M. and Renzi, A. and Rocha, G. and Rossetti, M. and Roudier, G. and Rubiño-Martín, J. A. and Ruiz-Granados, B. and Salvati, L. and Sandri, M. and Savelainen, M. and Scott, D. and Sirri, G. and Sunyaev, R. and Suur-Uski, A.-S. and Tauber, J. A. and Tenti, M. and Toffolatti, L. and Tomasi, M. and Tristram, M. and Trombetti, T. and Valiviita, J. and Van Tent, F. and Vibert, L. and Vielva, P. and Villa, F. and Vittorio, N. and Wandelt, B. D. and Watson, R. and Wehus, I. K. and White, M. and Zacchei, A. and Zonca, A.},
    title    = {Planck intermediate results XLVI. Reduction of large-scale systematic effects in HFI polarization maps and estimation of the reionization optical depth},
    journal  = {Astronomy \& Astrophysics},
    year     = {2016},
    volume   = {Volume 596, id.A107},
    crossref = {https://doi.org/10.1051/0004-6361/201628890}
}
@ARTICLE {Antonucci1985,
    author  = {Antonucci, R. R. J. and Miller, J. S.},
    title   = {Spectropolarimetry and the nature of NGC 1068},
    journal = {Astrophysical Journal, Part 1 (ISSN 0004-637X)},
    year    = {1985},
    volume  = {vol. 297, Oct. 15, 1985},
    pages   = {621-632}
}
@PROCEEDINGS {HoenigPowerPoint,
    title        = {AGN Cosmology — a new perspective for VLTI in the E-ELT and LSST era},
    year         = {2015},
    editor       = {Sebastian F. Hoenig},
    month        = {jan},
    organization = {School of Physics \& Astronomy / University of Southampton}
}
@PROCEEDINGS {
}
@ONLINE {2MASS_vega,
    note = {\url{https://www.ipac.caltech.edu/2mass/releases/allsky/doc/sec6_4a.html}}
}
@ONLINE {CCD:COOK,
    author = {J. Palmer and A.C. Davenhall},
    year   = {2001},
    note    = {\url{http://star-www.rl.ac.uk/docs/sc6.htx/sc6.html#toc}}
}
@ONLINE {AST_DATA,
    note = {\url{http://www.astronomy.ohio-state.edu/~martini/usefuldata.html}}
}
@BOOK {Hughes2010,
    author    = {IFAN G. HUGHES and THOMAS P. A. HASE},
    title     = {Measurements and their Uncertainties A practical guide to modern error analysis},
    publisher = {Oxford University Press},
    year      = {2010}
}
@ONLINE {SNR,
    author = {O.Hainaut},
    year   = {2005},
    note    = {\url{https://www.eso.org/~ohainaut/ccd/sn.html}}
}
@MISC {simbad,
    note = {http://simbad.u-strasbg.fr/}
}
@MISC {PinPoint,
    note = {Pin Point Computer Software}
}
@MISC {SEXtractor,
    note = {SEXtractor Computer Software}
}
@BOOKLET {SEXtractorGuide,
    title  = {SExtractor v2.13 User's Guide},
    author = {Bertin and Durret and Mamon},
    year   = {2012},
    note   = {\url{https://www.astromatic.net/wsvn/public/filedetails.php?repname=public+documents.sextractor_doc\&path=\%2Fsextractor.pdf\&rev=24}}
}
@MISC {PanSTARRS,
    note = "\url{http://archive.stsci.edu/panstarrs/search.php}"
}
@MISC {2MASS,
    title = "The Two Micron All Sky Survey at IPAC"
}
@ONLINE {REM,
    author = {INAF},
    note    = {\url{http://www.rem.inaf.it/}}
}
@MISC {GAIA,
    title = "Starlink GAIA version 4.4.1",
    author = "Currie et al",
    year = "2014"
    note = "The Starlink software (Currie et al 2014) is currently supported by the East Asian Observatory."
}
@ONLINE {SEXtractorDOCS,
    author = {SEXtractor},
    note    = {\url{sextractor.readthedocs.io}}
}
@ARTICLE {Favre2005,
    author = {P. Favre and T. J.-L. Courvoisier and S. Paltani},
    title  = {AGN variability time scales and the discrete-event model},
    journal = {arXiv:astro-ph/0508620},
    year   = {2005}
}
