@article{Peterson2014,
    author  = {Peterson, B. M.; Grier, C. J.; Horne, Keith; Pogge, R. W.; Bentz, M. C.; De Rosa, G.; Denney, K. D.; Martini, Paul; Sergeev, S. G.; Kaspi, S.; Minezaki, T.; Zu, Y.; Kochanek, C. S.; Siverd, R. J.; Shappee, B.; Araya Salvo, C.; Beatty, T. G.; Bird, J. C.; Bord, D. J.; Borman, G. A.; Che, X.; Chen, C.-T.; Cohen, S. A.; Dietrich, M.; Doroshenko, V. T.; Drake, T.; Efimov, Yu. S.; Free, N.; Ginsburg, I.; Henderson, C. B.; King, A. L.; Koshida, S.; Mogren, K.; Molina, M.; Mosquera, A. M.; Motohara, K.; Nazarov, S. V.; Okhmat, D. N.; Pejcha, O.; Rafter, S.; Shields, J. C.; Skowron, D. M.; Skowron, J.; Valluri, M.; van Saders, J. L.; Yoshii, Y.},
    title   = {Reverberation Mapping of the Seyfert 1 Galaxy NGC 7469},
    journal = {The Astrophysical Journal},
    year    = {2014},
    volume  = {Volume 795"}
@article{Nuñez,2018,
    author  = {Pozo Nuñez, F.; Chelouche, D.; Kaspi, S.},
    title   = {Accretion Disk Reverberation Mapping of Active Galactic Nuclei at Wise Observatory},
    journal = {arXiv:1807.02724},
    year    = {2018"}
